<?xml version="1.0" encoding="UTF-8"?><collection xmlns="http://www.loc.gov/MARC21/slim"><record><leader>00444nam--2200133-i-4500</leader><controlfield tag="001">000009189</controlfield><controlfield tag="002">20161230</controlfield><controlfield tag="005">20170304210706</controlfield><controlfield tag="008">060222s1000------------r-----000-0-eng-d</controlfield><datafield ind1=" " ind2=" " tag="245"><subfield code="a">Colloque international sur l ultra-vide, 28-29 juin 1967, Paris, Faculte des Sciences organise par la Societe Francaise des Ingeniers et Techniciens du vide</subfield></datafield><datafield ind1=" " ind2=" " tag="260"><subfield code="a">Paris</subfield><subfield code="b">S.F.I.T.V</subfield><subfield code="c">1967</subfield></datafield><datafield ind1=" " ind2=" " tag="300"><subfield code="a">199 p</subfield></datafield><datafield ind1=" " ind2=" " tag="852"><subfield code="a">621.52</subfield></datafield><datafield ind1=" " ind2=" " tag="CAT"><subfield code="a">SYS</subfield><subfield code="c">20170304</subfield><subfield code="h">210706</subfield></datafield></record></collection>